<?xml version="1.0" encoding="UTF-8"?><collection xmlns="http://www.loc.gov/MARC21/slim"><record><leader>00447nam--2200169-i-4500</leader><controlfield tag="001">000022322</controlfield><controlfield tag="002">20161230</controlfield><controlfield tag="005">20170105182024</controlfield><controlfield tag="008">060222s1000------------r-----000-0-eng-d</controlfield><datafield ind1=" " ind2=" " tag="080"><subfield code="a">517.1(042)</subfield></datafield><datafield ind1="1" ind2="0" tag="100"><subfield code="a">Halmos, Paul R</subfield></datafield><datafield ind1="1" ind2=" " tag="245"><subfield code="a">Lectures on boolean algebras</subfield></datafield><datafield ind1=" " ind2=" " tag="260"><subfield code="a">New York</subfield><subfield code="b">D.Van Nostrand Co. Inc</subfield><subfield code="c">1963</subfield></datafield><datafield ind1=" " ind2=" " tag="300"><subfield code="a">147 p</subfield></datafield><datafield ind1=" " ind2=" " tag="490"><subfield code="a">Van Nostrand Mathematical Studies</subfield></datafield><datafield ind1=" " ind2=" " tag="852"><subfield code="a">19750</subfield><subfield code="c">517.11</subfield></datafield><datafield ind1=" " ind2=" " tag="CAT"><subfield code="a">SYS</subfield><subfield code="c">20170105</subfield><subfield code="h">182024</subfield></datafield></record></collection>